%YAML 1.1
%TAG !u! tag:unity3d.com,2011:
--- !u!1 &3512931082554012040
GameObject:
  m_ObjectHideFlags: 0
  m_CorrespondingSourceObject: {fileID: 0}
  m_PrefabInstance: {fileID: 0}
  m_PrefabAsset: {fileID: 0}
  serializedVersion: 6
  m_Component:
  - component: {fileID: 6857957660606097129}
  - component: {fileID: 8532904741133503443}
  - component: {fileID: 2374128553162411150}
  - component: {fileID: 553256852326883288}
  - component: {fileID: 4355692918514074461}
  m_Layer: 0
  m_Name: Track_S1
  m_TagString: Untagged
  m_Icon: {fileID: 0}
  m_NavMeshLayer: 0
  m_StaticEditorFlags: 0
  m_IsActive: 1
--- !u!4 &6857957660606097129
Transform:
  m_ObjectHideFlags: 0
  m_CorrespondingSourceObject: {fileID: 0}
  m_PrefabInstance: {fileID: 0}
  m_PrefabAsset: {fileID: 0}
  m_GameObject: {fileID: 3512931082554012040}
  m_LocalRotation: {x: 0.7071068, y: 0, z: 0, w: 0.7071068}
  m_LocalPosition: {x: 20, y: 24.12, z: 0}
  m_LocalScale: {x: 1, y: 1, z: 1}
  m_Children: []
  m_Father: {fileID: 0}
  m_RootOrder: 0
  m_LocalEulerAnglesHint: {x: 90, y: 0, z: 0}
--- !u!33 &8532904741133503443
MeshFilter:
  m_ObjectHideFlags: 0
  m_CorrespondingSourceObject: {fileID: 0}
  m_PrefabInstance: {fileID: 0}
  m_PrefabAsset: {fileID: 0}
  m_GameObject: {fileID: 3512931082554012040}
  m_Mesh: {fileID: 0}
--- !u!23 &2374128553162411150
MeshRenderer:
  m_ObjectHideFlags: 0
  m_CorrespondingSourceObject: {fileID: 0}
  m_PrefabInstance: {fileID: 0}
  m_PrefabAsset: {fileID: 0}
  m_GameObject: {fileID: 3512931082554012040}
  m_Enabled: 1
  m_CastShadows: 1
  m_ReceiveShadows: 1
  m_DynamicOccludee: 1
  m_MotionVectors: 1
  m_LightProbeUsage: 1
  m_ReflectionProbeUsage: 1
  m_RenderingLayerMask: 1
  m_RendererPriority: 0
  m_Materials:
  - {fileID: 2100000, guid: c22777d6e868e4f2fb421913386b154e, type: 2}
  m_StaticBatchInfo:
    firstSubMesh: 0
    subMeshCount: 0
  m_StaticBatchRoot: {fileID: 0}
  m_ProbeAnchor: {fileID: 0}
  m_LightProbeVolumeOverride: {fileID: 0}
  m_ScaleInLightmap: 1
  m_PreserveUVs: 0
  m_IgnoreNormalsForChartDetection: 0
  m_ImportantGI: 0
  m_StitchLightmapSeams: 0
  m_SelectedEditorRenderState: 2
  m_MinimumChartSize: 4
  m_AutoUVMaxDistance: 0.5
  m_AutoUVMaxAngle: 89
  m_LightmapParameters: {fileID: 0}
  m_SortingLayerID: 0
  m_SortingLayer: 0
  m_SortingOrder: 0
--- !u!114 &553256852326883288
MonoBehaviour:
  m_ObjectHideFlags: 0
  m_CorrespondingSourceObject: {fileID: 0}
  m_PrefabInstance: {fileID: 0}
  m_PrefabAsset: {fileID: 0}
  m_GameObject: {fileID: 3512931082554012040}
  m_Enabled: 1
  m_EditorHideFlags: 0
  m_Script: {fileID: 11500000, guid: 8233d90336aea43098adf6dbabd606a2, type: 3}
  m_Name: 
  m_EditorClassIdentifier: 
  m_MeshFormatVersion: 1
  m_Faces:
  - m_Indexes: 000000000100000002000000010000000300000002000000
    m_SmoothingGroup: 0
    m_Uv:
      m_UseWorldSpace: 0
      m_FlipU: 0
      m_FlipV: 0
      m_SwapUV: 0
      m_Fill: 1
      m_Scale: {x: 1, y: 1}
      m_Offset: {x: 0, y: 0}
      m_Rotation: 0
      m_Anchor: 9
    m_Material: {fileID: 0}
    m_SubmeshIndex: 0
    m_ManualUV: 0
    elementGroup: -1
    m_TextureGroup: -1
  - m_Indexes: 040000000500000006000000050000000700000006000000
    m_SmoothingGroup: 0
    m_Uv:
      m_UseWorldSpace: 0
      m_FlipU: 0
      m_FlipV: 0
      m_SwapUV: 0
      m_Fill: 1
      m_Scale: {x: 1, y: 1}
      m_Offset: {x: 0, y: 0}
      m_Rotation: 0
      m_Anchor: 9
    m_Material: {fileID: 0}
    m_SubmeshIndex: 0
    m_ManualUV: 0
    elementGroup: -1
    m_TextureGroup: -1
  - m_Indexes: 08000000090000000a000000090000000b0000000a000000
    m_SmoothingGroup: 0
    m_Uv:
      m_UseWorldSpace: 0
      m_FlipU: 0
      m_FlipV: 0
      m_SwapUV: 0
      m_Fill: 1
      m_Scale: {x: 1, y: 1}
      m_Offset: {x: 0, y: 0}
      m_Rotation: 0
      m_Anchor: 9
    m_Material: {fileID: 0}
    m_SubmeshIndex: 0
    m_ManualUV: 0
    elementGroup: -1
    m_TextureGroup: -1
  - m_Indexes: 0c0000000d0000000e0000000d0000000f0000000e000000
    m_SmoothingGroup: 0
    m_Uv:
      m_UseWorldSpace: 0
      m_FlipU: 0
      m_FlipV: 0
      m_SwapUV: 0
      m_Fill: 1
      m_Scale: {x: 1, y: 1}
      m_Offset: {x: 0, y: 0}
      m_Rotation: 0
      m_Anchor: 9
    m_Material: {fileID: 0}
    m_SubmeshIndex: 0
    m_ManualUV: 0
    elementGroup: -1
    m_TextureGroup: -1
  - m_Indexes: 100000001100000012000000110000001300000012000000
    m_SmoothingGroup: 0
    m_Uv:
      m_UseWorldSpace: 0
      m_FlipU: 0
      m_FlipV: 0
      m_SwapUV: 0
      m_Fill: 1
      m_Scale: {x: 1, y: 1}
      m_Offset: {x: 0, y: 0}
      m_Rotation: 0
      m_Anchor: 9
    m_Material: {fileID: 0}
    m_SubmeshIndex: 0
    m_ManualUV: 0
    elementGroup: -1
    m_TextureGroup: -1
  - m_Indexes: 140000001500000016000000150000001700000016000000
    m_SmoothingGroup: 0
    m_Uv:
      m_UseWorldSpace: 0
      m_FlipU: 0
      m_FlipV: 0
      m_SwapUV: 0
      m_Fill: 1
      m_Scale: {x: 1, y: 1}
      m_Offset: {x: 0, y: 0}
      m_Rotation: 0
      m_Anchor: 9
    m_Material: {fileID: 0}
    m_SubmeshIndex: 0
    m_ManualUV: 0
    elementGroup: -1
    m_TextureGroup: -1
  - m_Indexes: 18000000190000001a000000190000001b0000001a000000
    m_SmoothingGroup: 0
    m_Uv:
      m_UseWorldSpace: 0
      m_FlipU: 0
      m_FlipV: 0
      m_SwapUV: 0
      m_Fill: 1
      m_Scale: {x: 1, y: 1}
      m_Offset: {x: 0, y: 0}
      m_Rotation: 0
      m_Anchor: 9
    m_Material: {fileID: 0}
    m_SubmeshIndex: 0
    m_ManualUV: 0
    elementGroup: -1
    m_TextureGroup: -1
  - m_Indexes: 1c0000001d0000001e0000001d0000001f0000001e000000
    m_SmoothingGroup: 0
    m_Uv:
      m_UseWorldSpace: 0
      m_FlipU: 0
      m_FlipV: 0
      m_SwapUV: 0
      m_Fill: 1
      m_Scale: {x: 1, y: 1}
      m_Offset: {x: 0, y: 0}
      m_Rotation: 0
      m_Anchor: 9
    m_Material: {fileID: 0}
    m_SubmeshIndex: 0
    m_ManualUV: 0
    elementGroup: -1
    m_TextureGroup: -1
  - m_Indexes: 200000002100000022000000210000002300000022000000
    m_SmoothingGroup: 0
    m_Uv:
      m_UseWorldSpace: 0
      m_FlipU: 0
      m_FlipV: 0
      m_SwapUV: 0
      m_Fill: 1
      m_Scale: {x: 1, y: 1}
      m_Offset: {x: 0, y: 0}
      m_Rotation: 0
      m_Anchor: 9
    m_Material: {fileID: 0}
    m_SubmeshIndex: 0
    m_ManualUV: 0
    elementGroup: -1
    m_TextureGroup: -1
  - m_Indexes: 240000002500000026000000250000002700000026000000
    m_SmoothingGroup: 0
    m_Uv:
      m_UseWorldSpace: 0
      m_FlipU: 0
      m_FlipV: 0
      m_SwapUV: 0
      m_Fill: 1
      m_Scale: {x: 1, y: 1}
      m_Offset: {x: 0, y: 0}
      m_Rotation: 0
      m_Anchor: 9
    m_Material: {fileID: 0}
    m_SubmeshIndex: 0
    m_ManualUV: 0
    elementGroup: -1
    m_TextureGroup: -1
  - m_Indexes: 28000000290000002a000000290000002b0000002a000000
    m_SmoothingGroup: 0
    m_Uv:
      m_UseWorldSpace: 0
      m_FlipU: 0
      m_FlipV: 0
      m_SwapUV: 0
      m_Fill: 1
      m_Scale: {x: 1, y: 1}
      m_Offset: {x: 0, y: 0}
      m_Rotation: 0
      m_Anchor: 9
    m_Material: {fileID: 0}
    m_SubmeshIndex: 0
    m_ManualUV: 0
    elementGroup: -1
    m_TextureGroup: -1
  - m_Indexes: 2c0000002d0000002e0000002d0000002f0000002e000000
    m_SmoothingGroup: 0
    m_Uv:
      m_UseWorldSpace: 0
      m_FlipU: 0
      m_FlipV: 0
      m_SwapUV: 0
      m_Fill: 1
      m_Scale: {x: 1, y: 1}
      m_Offset: {x: 0, y: 0}
      m_Rotation: 0
      m_Anchor: 9
    m_Material: {fileID: 0}
    m_SubmeshIndex: 0
    m_ManualUV: 0
    elementGroup: -1
    m_TextureGroup: -1
  - m_Indexes: 300000003300000032000000300000003200000031000000
    m_SmoothingGroup: 0
    m_Uv:
      m_UseWorldSpace: 0
      m_FlipU: 0
      m_FlipV: 0
      m_SwapUV: 0
      m_Fill: 1
      m_Scale: {x: 1, y: 1}
      m_Offset: {x: 0, y: 0}
      m_Rotation: 0
      m_Anchor: 9
    m_Material: {fileID: 2100000, guid: c22777d6e868e4f2fb421913386b154e, type: 2}
    m_SubmeshIndex: 0
    m_ManualUV: 0
    elementGroup: 0
    m_TextureGroup: -1
  - m_Indexes: 350000003700000036000000350000003400000037000000
    m_SmoothingGroup: 0
    m_Uv:
      m_UseWorldSpace: 0
      m_FlipU: 0
      m_FlipV: 0
      m_SwapUV: 0
      m_Fill: 1
      m_Scale: {x: 1, y: 1}
      m_Offset: {x: 0, y: 0}
      m_Rotation: 0
      m_Anchor: 9
    m_Material: {fileID: 2100000, guid: c22777d6e868e4f2fb421913386b154e, type: 2}
    m_SubmeshIndex: 0
    m_ManualUV: 0
    elementGroup: 0
    m_TextureGroup: -1
  - m_Indexes: 38000000390000003a000000390000003b0000003a000000
    m_SmoothingGroup: 0
    m_Uv:
      m_UseWorldSpace: 0
      m_FlipU: 0
      m_FlipV: 0
      m_SwapUV: 0
      m_Fill: 1
      m_Scale: {x: 1, y: 1}
      m_Offset: {x: 0, y: 0}
      m_Rotation: 0
      m_Anchor: 9
    m_Material: {fileID: 0}
    m_SubmeshIndex: 0
    m_ManualUV: 0
    elementGroup: -1
    m_TextureGroup: -1
  - m_Indexes: 3c0000003d0000003e0000003d0000003f0000003e000000
    m_SmoothingGroup: 0
    m_Uv:
      m_UseWorldSpace: 0
      m_FlipU: 0
      m_FlipV: 0
      m_SwapUV: 0
      m_Fill: 1
      m_Scale: {x: 1, y: 1}
      m_Offset: {x: 0, y: 0}
      m_Rotation: 0
      m_Anchor: 9
    m_Material: {fileID: 0}
    m_SubmeshIndex: 0
    m_ManualUV: 0
    elementGroup: -1
    m_TextureGroup: -1
  - m_Indexes: 400000004100000042000000410000004300000042000000
    m_SmoothingGroup: 0
    m_Uv:
      m_UseWorldSpace: 0
      m_FlipU: 0
      m_FlipV: 0
      m_SwapUV: 0
      m_Fill: 1
      m_Scale: {x: 1, y: 1}
      m_Offset: {x: 0, y: 0}
      m_Rotation: 0
      m_Anchor: 9
    m_Material: {fileID: 0}
    m_SubmeshIndex: 0
    m_ManualUV: 0
    elementGroup: -1
    m_TextureGroup: -1
  - m_Indexes: 440000004500000046000000450000004700000046000000
    m_SmoothingGroup: 0
    m_Uv:
      m_UseWorldSpace: 0
      m_FlipU: 0
      m_FlipV: 0
      m_SwapUV: 0
      m_Fill: 1
      m_Scale: {x: 1, y: 1}
      m_Offset: {x: 0, y: 0}
      m_Rotation: 0
      m_Anchor: 9
    m_Material: {fileID: 0}
    m_SubmeshIndex: 0
    m_ManualUV: 0
    elementGroup: -1
    m_TextureGroup: -1
  - m_Indexes: 48000000490000004a000000490000004b0000004a000000
    m_SmoothingGroup: 0
    m_Uv:
      m_UseWorldSpace: 0
      m_FlipU: 0
      m_FlipV: 0
      m_SwapUV: 0
      m_Fill: 1
      m_Scale: {x: 1, y: 1}
      m_Offset: {x: 0, y: 0}
      m_Rotation: 0
      m_Anchor: 9
    m_Material: {fileID: 0}
    m_SubmeshIndex: 0
    m_ManualUV: 0
    elementGroup: -1
    m_TextureGroup: -1
  - m_Indexes: 4c0000004d0000004e0000004d0000004f0000004e000000
    m_SmoothingGroup: 0
    m_Uv:
      m_UseWorldSpace: 0
      m_FlipU: 0
      m_FlipV: 0
      m_SwapUV: 0
      m_Fill: 1
      m_Scale: {x: 1, y: 1}
      m_Offset: {x: 0, y: 0}
      m_Rotation: 0
      m_Anchor: 9
    m_Material: {fileID: 0}
    m_SubmeshIndex: 0
    m_ManualUV: 0
    elementGroup: -1
    m_TextureGroup: -1
  - m_Indexes: 500000005100000052000000510000005300000052000000
    m_SmoothingGroup: 0
    m_Uv:
      m_UseWorldSpace: 0
      m_FlipU: 0
      m_FlipV: 0
      m_SwapUV: 0
      m_Fill: 1
      m_Scale: {x: 1, y: 1}
      m_Offset: {x: 0, y: 0}
      m_Rotation: 0
      m_Anchor: 9
    m_Material: {fileID: 0}
    m_SubmeshIndex: 0
    m_ManualUV: 0
    elementGroup: -1
    m_TextureGroup: -1
  - m_Indexes: 540000005500000056000000550000005700000056000000
    m_SmoothingGroup: 0
    m_Uv:
      m_UseWorldSpace: 0
      m_FlipU: 0
      m_FlipV: 0
      m_SwapUV: 0
      m_Fill: 1
      m_Scale: {x: 1, y: 1}
      m_Offset: {x: 0, y: 0}
      m_Rotation: 0
      m_Anchor: 9
    m_Material: {fileID: 0}
    m_SubmeshIndex: 0
    m_ManualUV: 0
    elementGroup: -1
    m_TextureGroup: -1
  m_SharedVertices:
  - m_Vertices: 00000000090000001900000020000000
  - m_Vertices: 010000001800000034000000
  - m_Vertices: 020000000b0000003800000049000000
  - m_Vertices: 1c000000250000003a0000004b000000
  - m_Vertices: 03000000350000003900000040000000
  - m_Vertices: 1d0000003b00000042000000
  - m_Vertices: 040000001a00000037000000
  - m_Vertices: 050000000c0000001b00000022000000
  - m_Vertices: 06000000360000004100000044000000
  - m_Vertices: 1f0000004300000046000000
  - m_Vertices: 070000000e0000003c00000045000000
  - m_Vertices: 1e000000270000003e00000047000000
  - m_Vertices: 08000000110000002100000028000000
  - m_Vertices: 0a000000130000004800000051000000
  - m_Vertices: 240000002d0000004a00000053000000
  - m_Vertices: 0d00000014000000230000002a000000
  - m_Vertices: 0f000000160000003d0000004c000000
  - m_Vertices: 260000002f0000003f0000004e000000
  - m_Vertices: 100000002900000031000000
  - m_Vertices: 12000000300000005000000055000000
  - m_Vertices: 2c0000005200000057000000
  - m_Vertices: 150000002b00000032000000
  - m_Vertices: 17000000330000004d00000054000000
  - m_Vertices: 2e0000004f00000056000000
  m_SharedTextures: []
  m_Positions:
  - {x: -8.996707, y: 0.00000023779859, z: 17.994804}
  - {x: -8.996706, y: 0.0000019073511, z: 16.000023}
  - {x: -8.996707, y: 35.839996, z: 17.994806}
  - {x: -8.996706, y: 35.83999, z: 16.000025}
  - {x: -10.030178, y: 0.0000019073498, z: 16.000011}
  - {x: -9.98312, y: 0.00000011562338, z: 16.969925}
  - {x: -10.030178, y: 35.839954, z: 16.000013}
  - {x: -9.98312, y: 35.83995, z: 16.969927}
  - {x: -31, y: 0.000000241331, z: 18.024437}
  - {x: -8.996707, y: 0.00000023779859, z: 17.994804}
  - {x: -31, y: 35.839973, z: 18.024439}
  - {x: -8.996707, y: 35.839996, z: 17.994806}
  - {x: -9.98312, y: 0.00000011562338, z: 16.969925}
  - {x: -30.009308, y: 0.000000115831426, z: 16.97167}
  - {x: -9.98312, y: 35.83995, z: 16.969927}
  - {x: -30.009308, y: 35.839962, z: 16.971672}
  - {x: -31, y: 0.0000019073486, z: 16.000002}
  - {x: -31, y: 0.000000241331, z: 18.024437}
  - {x: -31, y: 35.839947, z: 16.000004}
  - {x: -31, y: 35.839973, z: 18.024439}
  - {x: -30.009308, y: 0.000000115831426, z: 16.97167}
  - {x: -30.031897, y: 0.0000019073502, z: 16.000015}
  - {x: -30.009308, y: 35.839962, z: 16.971672}
  - {x: -30.031897, y: 35.83998, z: 16.000015}
  - {x: -8.996706, y: 0.0000019073511, z: 16.000023}
  - {x: -8.996707, y: 0.00000023779859, z: 17.994804}
  - {x: -10.030178, y: 0.0000019073498, z: 16.000011}
  - {x: -9.98312, y: 0.00000011562338, z: 16.969925}
  - {x: -8.996717, y: 36.339996, z: 17.994802}
  - {x: -8.996727, y: 36.33999, z: 16.000023}
  - {x: -9.98313, y: 36.33995, z: 16.969923}
  - {x: -10.030199, y: 36.339954, z: 16.000011}
  - {x: -8.996707, y: 0.00000023779859, z: 17.994804}
  - {x: -31, y: 0.000000241331, z: 18.024437}
  - {x: -9.98312, y: 0.00000011562338, z: 16.969925}
  - {x: -30.009308, y: 0.000000115831426, z: 16.97167}
  - {x: -31.00001, y: 36.339973, z: 18.024433}
  - {x: -8.996717, y: 36.339996, z: 17.994802}
  - {x: -30.009317, y: 36.339962, z: 16.971666}
  - {x: -9.98313, y: 36.33995, z: 16.969923}
  - {x: -31, y: 0.000000241331, z: 18.024437}
  - {x: -31, y: 0.0000019073486, z: 16.000002}
  - {x: -30.009308, y: 0.000000115831426, z: 16.97167}
  - {x: -30.031897, y: 0.0000019073502, z: 16.000015}
  - {x: -31.000017, y: 36.339947, z: 15.999997}
  - {x: -31.00001, y: 36.339973, z: 18.024433}
  - {x: -30.031914, y: 36.33998, z: 16.00001}
  - {x: -30.009317, y: 36.339962, z: 16.971666}
  - {x: -31, y: 35.839947, z: 16.000004}
  - {x: -31, y: 0.0000019073486, z: 16.000002}
  - {x: -30.031897, y: 0.0000019073502, z: 16.000015}
  - {x: -30.031897, y: 35.83998, z: 16.000015}
  - {x: -8.996706, y: 0.0000019073511, z: 16.000023}
  - {x: -8.996706, y: 35.83999, z: 16.000025}
  - {x: -10.030178, y: 35.839954, z: 16.000013}
  - {x: -10.030178, y: 0.0000019073498, z: 16.000011}
  - {x: -8.996707, y: 35.839996, z: 17.994806}
  - {x: -8.996706, y: 35.83999, z: 16.000025}
  - {x: -8.996717, y: 36.339996, z: 17.994802}
  - {x: -8.996727, y: 36.33999, z: 16.000023}
  - {x: -9.98312, y: 35.83995, z: 16.969927}
  - {x: -30.009308, y: 35.839962, z: 16.971672}
  - {x: -9.98313, y: 36.33995, z: 16.969923}
  - {x: -30.009317, y: 36.339962, z: 16.971666}
  - {x: -8.996706, y: 35.83999, z: 16.000025}
  - {x: -10.030178, y: 35.839954, z: 16.000013}
  - {x: -8.996727, y: 36.33999, z: 16.000023}
  - {x: -10.030199, y: 36.339954, z: 16.000011}
  - {x: -10.030178, y: 35.839954, z: 16.000013}
  - {x: -9.98312, y: 35.83995, z: 16.969927}
  - {x: -10.030199, y: 36.339954, z: 16.000011}
  - {x: -9.98313, y: 36.33995, z: 16.969923}
  - {x: -31, y: 35.839973, z: 18.024439}
  - {x: -8.996707, y: 35.839996, z: 17.994806}
  - {x: -31.00001, y: 36.339973, z: 18.024433}
  - {x: -8.996717, y: 36.339996, z: 17.994802}
  - {x: -30.009308, y: 35.839962, z: 16.971672}
  - {x: -30.031897, y: 35.83998, z: 16.000015}
  - {x: -30.009317, y: 36.339962, z: 16.971666}
  - {x: -30.031914, y: 36.33998, z: 16.00001}
  - {x: -31, y: 35.839947, z: 16.000004}
  - {x: -31, y: 35.839973, z: 18.024439}
  - {x: -31.000017, y: 36.339947, z: 15.999997}
  - {x: -31.00001, y: 36.339973, z: 18.024433}
  - {x: -30.031897, y: 35.83998, z: 16.000015}
  - {x: -31, y: 35.839947, z: 16.000004}
  - {x: -30.031914, y: 36.33998, z: 16.00001}
  - {x: -31.000017, y: 36.339947, z: 15.999997}
  m_Textures0:
  - {x: 17.994808, y: 0.00000023779836}
  - {x: 16.000027, y: 0.000001907351}
  - {x: 17.99481, y: 35.839996}
  - {x: 16.000029, y: 35.83999}
  - {x: -15.495142, y: 0.0000019351871}
  - {x: -16.466196, y: 0.00000014346065}
  - {x: -15.495144, y: 35.839954}
  - {x: -16.466198, y: 35.83995}
  - {x: 31.024246, y: 0.0000011983406}
  - {x: 9.020933, y: 0.0000011948081}
  - {x: 31.024246, y: 35.839973}
  - {x: 9.020933, y: 35.839996}
  - {x: -9.984599, y: 0.0000010186911}
  - {x: -30.010786, y: 0.0000010188992}
  - {x: -9.984599, y: 35.83995}
  - {x: -30.010786, y: 35.839962}
  - {x: -16.000002, y: 0.0000019073486}
  - {x: -18.024437, y: 0.000000241331}
  - {x: -16.000004, y: 35.839947}
  - {x: -18.024439, y: 35.839973}
  - {x: 16.269627, y: 0.00000015342697}
  - {x: 15.297709, y: 0.0000019449458}
  - {x: 16.269629, y: 35.839962}
  - {x: 15.297709, y: 35.83998}
  - {x: 8.996706, y: 16.000023}
  - {x: 8.996707, y: 17.994804}
  - {x: 10.030178, y: 16.000011}
  - {x: 9.98312, y: 16.969925}
  - {x: -8.995175, y: 17.994942}
  - {x: -8.995185, y: 16.000162}
  - {x: -9.981588, y: 16.970062}
  - {x: -10.028657, y: 16.00015}
  - {x: 8.996707, y: 17.994804}
  - {x: 31, y: 18.024437}
  - {x: 9.98312, y: 16.969925}
  - {x: 30.009308, y: 16.97167}
  - {x: -30.999971, y: 18.024864}
  - {x: -8.996679, y: 17.995234}
  - {x: -30.00928, y: 16.972097}
  - {x: -9.983092, y: 16.970354}
  - {x: 31, y: 18.024437}
  - {x: 31, y: 16.000002}
  - {x: 30.009308, y: 16.97167}
  - {x: 30.031897, y: 16.000015}
  - {x: -30.998728, y: 16.000477}
  - {x: -30.99872, y: 18.024912}
  - {x: -30.030624, y: 16.000488}
  - {x: -30.008028, y: 16.972145}
  - {x: -30.999811, y: 35.839947}
  - {x: -30.999811, y: 0.0000019073486}
  - {x: -30.031708, y: 0.0000019073502}
  - {x: -30.031708, y: 35.83998}
  - {x: -8.996529, y: 0.0000027588537}
  - {x: -8.996529, y: 35.83999}
  - {x: -10.030001, y: 35.839954}
  - {x: -10.030001, y: 0.0000027588524}
  - {x: 17.99481, y: 35.840183}
  - {x: 16.000029, y: 35.840176}
  - {x: 17.994806, y: 36.340183}
  - {x: 16.000027, y: 36.340176}
  - {x: -9.984599, y: 35.83982}
  - {x: -30.010786, y: 35.839832}
  - {x: -9.98461, y: 36.33982}
  - {x: -30.010796, y: 36.339832}
  - {x: -8.996529, y: 35.839928}
  - {x: -10.030001, y: 35.839893}
  - {x: -8.99655, y: 36.339928}
  - {x: -10.030022, y: 36.339893}
  - {x: -15.495144, y: 35.840405}
  - {x: -16.466198, y: 35.8404}
  - {x: -15.495141, y: 36.340405}
  - {x: -16.466194, y: 36.3404}
  - {x: 31.024246, y: 35.839767}
  - {x: 9.020933, y: 35.83979}
  - {x: 31.024256, y: 36.339767}
  - {x: 9.020944, y: 36.33979}
  - {x: 16.26963, y: 35.840534}
  - {x: 15.297712, y: 35.840553}
  - {x: 16.269625, y: 36.340534}
  - {x: 15.297706, y: 36.340553}
  - {x: -16.000004, y: 35.84101}
  - {x: -18.024439, y: 35.841038}
  - {x: -15.999997, y: 36.34101}
  - {x: -18.024433, y: 36.341038}
  - {x: -30.031708, y: 35.839798}
  - {x: -30.999811, y: 35.839764}
  - {x: -30.031725, y: 36.339798}
  - {x: -30.999828, y: 36.339764}
  m_Textures2: []
  m_Textures3: []
  m_Tangents:
  - {x: -0.00000047808464, y: 1.4462624e-27, z: 1, w: -1}
  - {x: -0.00000047808464, y: 1.4462626e-27, z: 1, w: -1}
  - {x: -0.00000047808464, y: 1.4462626e-27, z: 1, w: -1}
  - {x: -0.00000047808464, y: 1.4462628e-27, z: 1, w: -1}
  - {x: -0.04846083, y: -1.1706605e-13, z: -0.9988251, w: -1}
  - {x: -0.04846083, y: -5.852822e-14, z: -0.9988251, w: -1}
  - {x: -0.04846083, y: -5.852822e-14, z: -0.9988251, w: -1}
  - {x: -0.04846083, y: 9.6075705e-18, z: -0.9988251, w: -1}
  - {x: -0.9999991, y: -2.583403e-15, z: 0.0013467323, w: -1}
  - {x: -0.9999991, y: -1.2917015e-15, z: 0.0013467323, w: -1}
  - {x: -0.9999991, y: -1.2917015e-15, z: 0.0013467323, w: -1}
  - {x: -0.9999991, y: 0, z: 0.0013467323, w: -1}
  - {x: 1, y: -3.8721557e-19, z: -0.000087147084, w: -1}
  - {x: 1, y: 3.8721552e-19, z: -0.00008714709, w: -1}
  - {x: 1, y: 3.8721552e-19, z: -0.00008714709, w: -1}
  - {x: 1, y: 3.872155e-19, z: -0.0000871471, w: -1}
  - {x: 0, y: 0, z: -1, w: -1}
  - {x: 0, y: 0, z: -1, w: -1}
  - {x: 0, y: 0, z: -1, w: -1}
  - {x: 0, y: 0, z: -1, w: -1}
  - {x: 0.02324141, y: 0, z: 0.99972993, w: -1}
  - {x: 0.023241388, y: 0, z: 0.99972993, w: -1}
  - {x: 0.023241388, y: 0, z: 0.99972993, w: -1}
  - {x: 0.023241363, y: 0, z: 0.99972993, w: -1}
  - {x: -1, y: -1.0588086e-11, z: 0, w: -1}
  - {x: -1, y: -0.0000010758388, z: 0, w: -1}
  - {x: -1, y: -0.0000010758388, z: 0, w: -1}
  - {x: -1, y: -0.0000021516669, z: 0, w: -1}
  - {x: 1, y: 0.00004243328, z: 0, w: -1}
  - {x: 1, y: 0.00003782683, z: 0, w: -1}
  - {x: 1, y: 0.00003782683, z: 0, w: -1}
  - {x: 1, y: 0.000033220385, z: 0, w: -1}
  - {x: -1, y: -2.6546589e-15, z: 0, w: -1}
  - {x: -1, y: -1.3273294e-15, z: 0, w: -1}
  - {x: -1, y: -1.3273294e-15, z: 0, w: -1}
  - {x: -1, y: 0, z: 0, w: -1}
  - {x: 1, y: 0.0000010561935, z: 0, w: -1}
  - {x: 1, y: 0.00000024433643, z: 0, w: -1}
  - {x: 1, y: 0.00000024433643, z: 0, w: -1}
  - {x: 1, y: -0.0000005675206, z: 0, w: -1}
  - {x: -1, y: 0.0000010011976, z: 0, w: -1}
  - {x: -1, y: 0.00000050058526, z: 0, w: -1}
  - {x: -1, y: 0.00000050058526, z: 0, w: -1}
  - {x: -1, y: -2.7072272e-11, z: -3.1984513e-24, w: -1}
  - {x: 1, y: 0.000035463283, z: 0.00000098509, w: -1}
  - {x: 1, y: 0.0000019167423, z: 0.000000492545, w: -1}
  - {x: 1, y: 0.0000019167423, z: 0.000000492545, w: -1}
  - {x: 1, y: -0.00003162978, z: 6.873704e-17, w: -1}
  - {x: 1, y: -2.4200982e-20, z: 0.000012806242, w: -1}
  - {x: 1, y: -4.8401963e-20, z: 0.000013791338, w: -1}
  - {x: 1, y: -2.4200982e-20, z: 0.000012806242, w: -1}
  - {x: 1, y: 0, z: 0.000011821146, w: -1}
  - {x: 1, y: 0, z: 0.000011073441, w: -1}
  - {x: 1, y: 0, z: 0.00001107344, w: -1}
  - {x: 1, y: 4.840195e-20, z: 0.000011073439, w: -1}
  - {x: 1, y: 0, z: 0.00001107344, w: -1}
  - {x: -0.0000004780044, y: 0, z: 1, w: -1}
  - {x: 0.0000021515034, y: 0, z: 1, w: -1}
  - {x: 0.0000021515034, y: 0, z: 1, w: -1}
  - {x: 0.0000047810113, y: 0, z: 1, w: -1}
  - {x: 1, y: -5.552445e-17, z: -0.0000871471, w: -1}
  - {x: 1, y: -6.940163e-17, z: -0.000087099485, w: -1}
  - {x: 1, y: -6.940163e-17, z: -0.000087099485, w: -1}
  - {x: 1, y: 0, z: -0.00008705186, w: -1}
  - {x: 1, y: 0, z: 0.000011073567, w: -1}
  - {x: 1, y: 0, z: 0.000011073567, w: -1}
  - {x: 1, y: 0, z: 0.000011073567, w: -1}
  - {x: 1, y: 0, z: 0.000011073567, w: -1}
  - {x: -0.048460837, y: 0, z: -0.99882513, w: -1}
  - {x: -0.048466273, y: -1.1606861e-13, z: -0.99882483, w: -1}
  - {x: -0.048466273, y: -1.1606861e-13, z: -0.99882483, w: -1}
  - {x: -0.048471715, y: -7.6690194e-14, z: -0.9988246, w: -1}
  - {x: -0.9999991, y: 0, z: 0.0013467321, w: -1}
  - {x: -0.9999991, y: 0, z: 0.0013466888, w: -1}
  - {x: -0.9999991, y: 0, z: 0.0013466888, w: -1}
  - {x: -0.99999917, y: -8.914668e-16, z: 0.0013466454, w: -1}
  - {x: 0.023241363, y: 0, z: 0.99972993, w: -1}
  - {x: 0.023245286, y: 0, z: 0.9997298, w: -1}
  - {x: 0.023245286, y: 0, z: 0.9997298, w: -1}
  - {x: 0.023249207, y: 0, z: 0.9997297, w: -1}
  - {x: -4.528526e-10, y: 0, z: -1, w: -1}
  - {x: -0.0000018846782, y: -3.0357636e-18, z: -1, w: -1}
  - {x: -0.0000018846782, y: -3.0357636e-18, z: -1, w: -1}
  - {x: -0.0000037689035, y: -4.3367988e-18, z: -1, w: -1}
  - {x: 1, y: 0, z: 0.000011821552, w: -1}
  - {x: 1, y: -1.1275319e-17, z: 0.0000123141335, w: -1}
  - {x: 1, y: -1.1275319e-17, z: 0.0000123141335, w: -1}
  - {x: 1, y: -1.2142665e-17, z: 0.000012806715, w: -1}
  m_Colors: []
  m_UnwrapParameters:
    m_HardAngle: 88
    m_PackMargin: 20
    m_AngleError: 8
    m_AreaError: 15
  m_PreserveMeshAssetOnDestroy: 0
  assetGuid: 
  m_IsSelectable: 1
  m_SelectedFaces: 07000000090000000b000000
  m_SelectedEdges:
  - a: 28
    b: 29
  - a: 30
    b: 28
  - a: 29
    b: 31
  - a: 31
    b: 30
  - a: 36
    b: 37
  - a: 38
    b: 36
  - a: 37
    b: 39
  - a: 39
    b: 38
  - a: 44
    b: 45
  - a: 46
    b: 44
  - a: 45
    b: 47
  - a: 47
    b: 46
  m_SelectedVertices: 1c0000001d0000001e0000001f000000240000002500000026000000270000002c0000002d0000002e0000002f000000
--- !u!64 &4355692918514074461
MeshCollider:
  m_ObjectHideFlags: 0
  m_CorrespondingSourceObject: {fileID: 0}
  m_PrefabInstance: {fileID: 0}
  m_PrefabAsset: {fileID: 0}
  m_GameObject: {fileID: 3512931082554012040}
  m_Material: {fileID: 0}
  m_IsTrigger: 0
  m_Enabled: 1
  serializedVersion: 3
  m_Convex: 0
  m_CookingOptions: 14
  m_Mesh: {fileID: 0}
